@Book{SpaceDynamics,
author="Bates, R.R and Mueller, D.D and White, J.E",
title="Fundamentals of Astrodynamics",
year= "1971",
pages="362-379",
}

@misc{sphere,
   author = "Wikipedia",
   title = "Sphere of influence (astrodynamics) --- Wikipedia{,} The Free Encyclopedia",
   year = "2016",
   url = "https://en.wikipedia.org/w/index.php?title=Sphere_of_influence_(astrodynamics)&oldid=737567897",
   note = "[Online; accessed 3-September-2016]"
 }

@misc{part4,
   author = "Hansen, F",
   title = "Satellite project, AST 1100, part 4",
   year = "2016",
   url = "http://www.uio.no/studier/emner/matnat/astro/AST1100/undervisningsmateriale/undervisningsmateriale2016/prosjektarbeid/part4.pdf"
 }

@misc{1e,
   author = "Hansen, F",
   title = "Lecture notes part 1e",
   year = "2016",
   url = "http://www.uio.no/studier/emner/matnat/astro/AST1100/undervisningsmateriale/undervisningsmateriale2016/forelesningsnotater/part1e.pdf"
 }

@misc{1a,
   author = "Hansen, F",
   title = "Lecture notes part 1a",
   year = "2016",
   url = "http://www.uio.no/studier/emner/matnat/astro/AST1100/undervisningsmateriale/undervisningsmateriale2016/forelesningsnotater/part1a.pdf"
 }

@misc{1d,
   author = "Hansen, F",
   title = "Lecture notes part 1d",
   year = "2016",
   url = "http://www.uio.no/studier/emner/matnat/astro/AST1100/undervisningsmateriale/undervisningsmateriale2016/forelesningsnotater/part1d.pdf"
 }

@misc{adia,
  author = "Fitzpatrick, R",
  title = "The adiabatic atmosphere",
  year = "2006",
  url = "http://farside.ph.utexas.edu/teaching/sm1/lectures/node56.html"
}

 @misc{ leap,
   author = "Wikipedia",
   title = "Leapfrog integration --- Wikipedia{,} The Free Encyclopedia",
   year = "2016",
   url = "https://en.wikipedia.org/w/index.php?title=Leapfrog_integration&oldid=723511053",
   note = "[Online; accessed 3-June-2016]"
 }

@misc{leap2,
  author = "Unknown",
  title = "The Leapfrog Integrator",
  url = "https://www.physics.drexel.edu/students/courses/Comp_Phys/Integrators/leapfrog/"
}
